@article{besinger2010optical,
  title={Optical flow based analyses to detect emotion from human facial image data},
  author={Besinger, Axel and Sztynda, Tamara and Lal, Sara and Duthoit, Carmen and Agbinya, Johnson and Jap, Budi and Eager, David and Dissanayake, Gamini},
  journal={Expert Systems with Applications},
  volume={37},
  number={12},
  pages={8897--8902},
  year={2010},
  publisher={Elsevier}
}

@inproceedings{cohn1998feature,
  title={Feature-point tracking by optical flow discriminates subtle differences in facial expression},
  author={Cohn, Jeffrey F and Zlochower, Adena J and Lien, James J and Kanade, Takeo},
  booktitle={Automatic Face and Gesture Recognition, 1998. Proceedings. Third IEEE International Conference On},
  pages={396--401},
  year={1998},
  organization={IEEE}
}

@inproceedings{lyons1998japanese,
  title={The Japanese female facial expression (JAFFE) database},
  author={Lyons, Michael J and Akamatsu, Shigeru and Kamachi, Miyuki and Gyoba, Jiro and Budynek, Julien},
  booktitle={Proceedings of third international conference on automatic face and gesture recognition},
  pages={14--16},
  year={1998}
}

@article{lucas1981iterative,
  title={An iterative image registration technique with an application to stereo vision},
  author={Lucas, Bruce D and Kanade, Takeo and others},
  year={1981},
  publisher={Vancouver, BC, Canada}
}

@inproceedings{kanade2000comprehensive,
  title={Comprehensive database for facial expression analysis},
  author={Kanade, Takeo and Cohn, Jeffrey F and Tian, Yingli},
  booktitle={Automatic Face and Gesture Recognition, 2000. Proceedings. Fourth IEEE International Conference on},
  pages={46--53},
  year={2000},
  organization={IEEE}
}

@project{liu2002eigenflow,
  title={Project â€“ Eigenflow Based Face Authentication},
  howpublished="\url{http://amp.ece.cmu.edu/projects/FaceAuthentication/Default.htm#Download}",
  author={Liu, X.},
  year={2002}
}
