@inproceedings{kuhne2001tensor,
  title={A tensor-driven active contour model for moving object segmentation},
  author={Kuhne, Gerald and Weickert, Joachim and Schuster, Oliver and Richter, Stephan},
  booktitle={Image Processing, 2001. Proceedings. 2001 International Conference on},
  volume={2},
  pages={73--76},
  year={2001},
  organization={IEEE}
}
                  
@article{bigun1991multidimensional,
  title={Multidimensional orientation estimation with applications to texture analysis and optical flow},
  author={Bigun, Josef and Granlund, Goesta H. and Wiklund, Johan},
  journal={IEEE Transactions on Pattern Analysis and Machine Intelligence},
  volume={13},
  number={8},
  pages={775--790},
  year={1991},
  publisher={IEEE}
}


@article{kass1988snakes,
  title={Snakes: Active contour models},
  author={Kass, Michael and Witkin, Andrew and Terzopoulos, Demetri},
  journal={International journal of computer vision},
  volume={1},
  number={4},
  pages={321--331},
  year={1988},
  publisher={Springer}
}

@article{caselles1997geodesic,
  title={Geodesic active contours},
  author={Caselles, Vicent and Kimmel, Ron and Sapiro, Guillermo},
  journal={International journal of computer vision},
  volume={22},
  number={1},
  pages={61--79},
  year={1997},
  publisher={Springer}
}

@article{kichenassamy1996conformal,
  title={Conformal curvature flows: from phase transitions to active vision},
  author={Kichenassamy, Satyanad and Kumar, Arun and Olver, Peter and Tannenbaum, Allen and Yezzi Jr, Anthony},
  journal={Archive for Rational Mechanics and Analysis},
  volume={134},
  number={3},
  pages={275--301},
  year={1996},
  publisher={Springer}
}

@article{osher1988fronts,
  title={Fronts propagating with curvature-dependent speed: algorithms based on Hamilton-Jacobi formulations},
  author={Osher, Stanley and Sethian, James A},
  journal={Journal of computational physics},
  volume={79},
  number={1},
  pages={12--49},
  year={1988},
  publisher={Elsevier}
}