                  
@Inproceedings{mikaelyan14darmstadt,
  title={Symmetry Assessment by Finite Expansion: application to forensic fingerprints},
                  booktitle={13th Int. Conf. of the Biometrics Special Interest Group},
  author={Mikaelyan, Anna and Bigun, Josef},
 proceedings= {Lecture Notes in Informatics, Vol. P-230},
 pages={87--94},
 year={2014},
}

                  @misc{webutbplan,
  title = {Utbildningsplan, Civilingenjör Datateknik},
  howpublished = {\url{http://www.hh.se/sitevision/proxy/utbildning/hittautbildning/utbildningsplaner.4675.html/svid12_70cf2e49129168da015800078397/752680950/se_proxy/utb_utbildningsplan.asp;jsessionid=5F0C923CF4745B409141F2F546E940CA?prkod=TACDA&prrevisionsnr=1&format=pdf&lang=SV}},
  note = {Accessed: 2014-11-14}
  }


@misc{webicb,
  title = {{International Conference on Biometrics}},
  howpublished = {\url{http://icb2015.org/}},
  note = {Accessed: 2014-11-14}
  }

@misc{webijcb,
  title = {{International Joint Conference on Biometrics}},
  howpublished = {\url{http://www.ijcb2014.org/}},
  note = {Accessed: 2014-11-14}
  }
                  
@misc{webtifs,
  title = {{IEEE Transactions on information forensics and security}},
  howpublished = {\url{http://www.signalprocessingsociety.org/publications/periodicals/forensics/}},
  note = {Accessed: 2014-11-14}
  }
@misc{webtransport,
  title = {Statistik om olyckor med dödlig utgång},
  howpublished = {\url{http://www.transportstyrelsen.se/sv/Nyhetsarkiv/Minskat-antal-dodade-pa-vag-och-pa-sjon--okning-inom-jarnvag-och-luftfart-/}},
  note = {Accessed: 2014-11-14}
  }
@misc{webutslapp,
  title = {Vägtrafikens utsläpp},
  howpublished = {\url{http://www.trafikverket.se/Privat/Miljo-och-halsa/Halsa/Luft/Vagtrafikens-utslapp/}},
  note = {Accessed: 2014-11-14}
  }
}  
          
@misc{webuidai,
  title = {{Unique Identification Authority of India}},
  howpublished = {\url{http://uidai.gov.in/}},
  note = {Accessed: 2014-11-14}
  }
}  

      
@Book{locard,
  author = 	 {Edmond Locard},
  ALTeditor = 	 {},
  title = 	 {L'Identification des R\'ecidivistes},
  publisher = 	 {A. Maloine},
  year = 	 {1909},
  OPTkey = 	 {},
  OPTvolume = 	 {},
  OPTnumber = 	 {},
  OPTseries = 	 {},
  address = 	 {Paris},
  OPTedition = 	 {},
  OPTmonth = 	 {},
  OPTnote = 	 {},
  OPTannote = 	 {}
}

@article{Cash08072003,
author = {Cash, David W. and Clark, William C. and Alcock, Frank and Dickson, Nancy M. and Eckley, Noelle and Guston, David H. and Jäger, Jill and Mitchell, Ronald B.}, 
title = {Knowledge systems for sustainable development},
volume = {100}, 
number = {14}, 
pages = {8086-8091}, 
year = {2003}, 
doi = {10.1073/pnas.1231332100}, 
abstract ={The challenge of meeting human development needs while protecting the  earth's life support systems confronts scientists, technologists, policy  makers, and communities from local to global levels. Many believe that science  and technology (S&T) must play a more central role in sustainable  development, yet little systematic scholarship exists on how to create  institutions that effectively harness S&T for sustainability. This study  suggests that efforts to mobilize S&T for sustainability are more likely  to be effective when they manage boundaries between knowledge and action in  ways that simultaneously enhance the salience, credibility, and legitimacy of  the information they produce. Effective systems apply a variety of  institutional mechanisms that facilitate communication, translation and  mediation across boundaries.}, 
URL = {http://www.pnas.org/content/100/14/8086.abstract}, 
eprint = {http://www.pnas.org/content/100/14/8086.full.pdf+html}, 
journal = {Proceedings of the National Academy of Sciences} 
}

