@misc{lucaskanade81,
 author = "Bruce D. Lucas and Takeo Kanade",
 title  = "An iterative image registration technique with an application to stereo vison.",
 year   = "1981",
}

@misc{theorywarp04,
  author = "Thomas Brox and Andr√©s Bruhn and Nils Papenberg and Joachim Weickert",
  title  = "High Accuracy Optical Flow Estimation based on a Theory for Warping*",
  year   = "2004"
 }
